<record><leader>00000cas a2200000 a 4500</leader><controlfield tag="001">42914346</controlfield><controlfield tag="008">991201d19741974oruwr ne      0    0eng c</controlfield><datafield ind1=" " ind2=" " tag="010"><subfield code="a">sn 99063883 </subfield></datafield><datafield ind1=" " ind2=" " tag="040"><subfield code="a">OCN</subfield><subfield code="b">eng</subfield><subfield code="c">OCN</subfield><subfield code="d">ORU</subfield><subfield code="d">OCLCQ</subfield><subfield code="d">OCLCO</subfield></datafield><datafield ind1="1" ind2=" " tag="029"><subfield code="a">AU@</subfield><subfield code="b">000021237293</subfield></datafield><datafield ind1=" " ind2=" " tag="042"><subfield code="a">pcc</subfield></datafield><datafield ind1=" " ind2=" " tag="043"><subfield code="a">n-us-or</subfield></datafield><datafield ind1="0" ind2=" " tag="130"><subfield code="a">Willamina times (Willamina, Or.)</subfield></datafield><datafield ind1="1" ind2="4" tag="245"><subfield code="a">The Willamina times.</subfield></datafield><datafield ind1="1" ind2="3" tag="246"><subfield code="a">Times of Willamina-Sheridan</subfield></datafield><datafield ind1=" " ind2=" " tag="260"><subfield code="a">Willamina, Or. :</subfield><subfield code="b">V. Welty,</subfield><subfield code="c">1974.</subfield></datafield><datafield ind1=" " ind2=" " tag="300"><subfield code="a">v.</subfield></datafield><datafield ind1=" " ind2=" " tag="310"><subfield code="a">Weekly</subfield></datafield><datafield ind1="0" ind2=" " tag="362"><subfield code="a">Vol. 65, no. 33 (Mar. 6, 1974)-v. 65, no. 35 (Mar. 20, 1974).</subfield></datafield><datafield ind1=" " ind2=" " tag="530"><subfield code="a">Also issued on microfilm from University of Oregon.</subfield></datafield><datafield ind1=" " ind2="0" tag="651"><subfield code="a">Willamina (Or.)</subfield><subfield code="v">Newspapers.</subfield></datafield><datafield ind1=" " ind2="0" tag="651"><subfield code="a">Sheridan (Or.)</subfield><subfield code="v">Newspapers.</subfield></datafield><datafield ind1=" " ind2="0" tag="651"><subfield code="a">Grande Ronde (Or.)</subfield><subfield code="v">Newspapers.</subfield></datafield><datafield ind1=" " ind2="0" tag="651"><subfield code="a">Yamhill County (Or.)</subfield><subfield code="v">Newspapers.</subfield></datafield><datafield ind1=" " ind2=" " tag="752"><subfield code="a">United States</subfield><subfield code="b">Oregon</subfield><subfield code="c">Yamhill</subfield><subfield code="d">Willamina.</subfield></datafield><datafield ind1="0" ind2="0" tag="780"><subfield code="t">Times of Willamina</subfield><subfield code="w">(DLC)sn 99063882</subfield></datafield><datafield ind1="0" ind2="4" tag="785"><subfield code="t">North coast times-eagle</subfield><subfield code="w">(DLC)  2002260227</subfield></datafield></record>